% This file was created with JabRef 2.7.
% Encoding: MacRoman

@TECHREPORT{FEMA440ATC2005,
  author = {FEMA-440:ATC},
  title = {Improvement of Nonlinear Static Seismic Analysis Procedures,},
  institution = {California, USA},
  year = {2005},
  owner = {vitorsilva},
  timestamp = {2011.01.25}
}

@TECHREPORT{Dayala2014,
  author = {D'Ayala, D., Meslem, A., Vamvatsikos, D., Porter, K., Rossetto, T., Crowley, H., Silva, V.},
  title = {Guidelines for Analytical Vulnerability Assessment of low/mid-rise Buildings},
  institution = {GEM foundation},
  year = {2014},
  owner = {chiaracasotto},
  timestamp = {2014.07.07}
}

@ARTICLE{RuizGarciaMiranda2007,
  author = {Ruiz-García, J. and Miranda, E.},
  title = {Probabilistic estimation of maximum inelastic displacement demands for performance-based design},
  journal = {Earthquake Engineering and Structural Dynamics},
  year = {2007},
  volume = {36},
  pages = {1235-1254},
  owner = {chiaracasotto},
  timestamp = {2014.07.07}
}

@ARTICLE{VamvatsikosCornell2005,
  author = {Vamvatsikos, D. and Cornell, A.},
  title = {Direct Estimation of the Seismic Demand and Capacity of Oscillators with Multi-Linear Static Pushovers through IDA},
  journal = {Earthquake Engineering and Structural Dynamics},
  year = {2005},
  volume = {0},
  pages = {1-20},
  owner = {chiaracasotto},
  timestamp = {2014.07.07}
}

@TECHREPORT{Vamvatsikos2014,
  author = {Vamvatsikos, D.},
  title = {A static pushover methodology for extracting fragility curves with record-to-record dispersion information},
  institution = {GEM foundation},
  year = {2014},
  owner = {chiaracasotto},
  timestamp = {2014.07.07}
}

@comment{jabref-meta: selector_publisher:}

@comment{jabref-meta: selector_author:}

@comment{jabref-meta: selector_journal:}

@comment{jabref-meta: selector_keywords:}

